<?xml version="1.0" encoding="UTF-8"?><collection><record><leader>06288ntm a2200565 a 4500</leader><controlfield tag="001">006080191</controlfield><controlfield tag="003">MiAaHDL</controlfield><controlfield tag="005">20190719000000.0</controlfield><controlfield tag="006">m        d        </controlfield><controlfield tag="007">cr bn ---auaua</controlfield><controlfield tag="008">090414s1808    xx            00| ||ara d</controlfield><datafield tag="035" ind1=" " ind2=" "><subfield code="a">(MiU)006080191</subfield></datafield><datafield tag="035" ind1=" " ind2=" "><subfield code="a">sdr-miu006080191</subfield></datafield><datafield tag="040" ind1=" " ind2=" "><subfield code="a">MiU</subfield><subfield code="c">MiU</subfield><subfield code="e">amremm</subfield></datafield><datafield tag="043" ind1=" " ind2=" "><subfield code="a">n-us-mi</subfield></datafield><datafield tag="100" ind1="1" ind2=" "><subfield code="6">880-01</subfield><subfield code="a">Taftāzānī, Masʻūd ibn ʻUmar,</subfield><subfield code="d">1322-1389?</subfield></datafield><datafield tag="245" ind1="1" ind2="3"><subfield code="6">880-03</subfield><subfield code="a">al-Talwīḥ ilá kashf ḥaqāʼiq al-Tanqīḥ,</subfield><subfield code="f">[1223, i.e. 1808].</subfield></datafield><datafield tag="246" ind1="3" ind2=" "><subfield code="i">Edge title (tail):</subfield><subfield code="a">تلويح من الاصول</subfield></datafield><datafield tag="260" ind1=" " ind2=" "><subfield code="c">[1808]</subfield></datafield><datafield tag="300" ind1=" " ind2=" "><subfield code="a">346 leaves :</subfield><subfield code="b">paper ;</subfield><subfield code="c">240 x 178 (165 x 71) mm.</subfield></datafield><datafield tag="500" ind1=" " ind2=" "><subfield code="a">Shelfmark: Ann Arbor, University of Michigan, Special Collections Library, Isl. Ms. 75</subfield></datafield><datafield tag="500" ind1=" " ind2=" "><subfield code="a">Origin: As appears in colophon p.714, copied by Muḥammad Yakan Muftīʻzādah (Mehmet Yeğen Muftizade). Transcription finished ("wa-qad waqaʻa al-farāgh ʻan taḥrīr hādhā al-kitāb...") mid-Ramaḍān 1223 [November 1808].</subfield></datafield><datafield tag="500" ind1=" " ind2=" "><subfield code="a">Accompanying materials: a. Detailed table of contents on unsewn quinion of European wove paper tucked inside upper cover (paginated pp.1-20) -- b. Single bifolium with gloss/excerpt (paginated pp.299-302).</subfield></datafield><datafield tag="500" ind1=" " ind2=" "><subfield code="a">Former shelfmark: British Museum, London "No. 25. Commentary on Tankih al-usul."</subfield></datafield><datafield tag="500" ind1=" " ind2=" "><subfield code="a">Binding: Pasteboards now faced in marbled paper (blue, yellow, white, etc.) with spine, fore-edge flap, and edges/turn-ins dark brown leather (marbled paper faced, leather edged, framed binding) ; Type II binding (with flap) ; doublures and doublure hinges in brown leather ; evidence of stamped mandorla under marbled paper facing on upper and lower covers ; decorative tooling on edges/turn-ins and fore-edge flap ; envelope flap in black leather with stamped and gold and red painted mandorla and cornerpieces, lined in marbled paper (blue, brown, yellow) ; sewn in yellow thread, two stations ; chevron endbands in dark brown/black and cream, in good condition ; overall in fair condition with some abrasion, staining, lifting of leather, etc. ; several repairs.</subfield></datafield><datafield tag="500" ind1=" " ind2=" "><subfield code="a">Support: European laid paper with 10 laid lines per cm. and chain lines spaced 24 mm. apart ; watermarks include bird on pedestal with "C B" above and large lion passant ; some sections more heavily burnished than others and having a yellow-green tint.</subfield></datafield><datafield tag="500" ind1=" " ind2=" "><subfield code="a">Decoration: Keywords, section headings, and occasional notabilia rubricated ; overlining and textual dividers in the form of circles (resembling letter hāʼ or numeral khamsah ٥) in red.</subfield></datafield><datafield tag="500" ind1=" " ind2=" "><subfield code="a">Script: Nastaʻlīq (talik) ; elegant Ottoman hand ; characteristically sans serif with effect of words descending to baseline, mainly closed counters, pointing (for two and three dots) in strokes rather than distinct dots.</subfield></datafield><datafield tag="500" ind1=" " ind2=" "><subfield code="a">Layout: Written in 23 lines per page ; frame-ruled.</subfield></datafield><datafield tag="500" ind1=" " ind2=" "><subfield code="a">Collation: 34 V(340), III (346) ; entirely quinions with final ternion ; catchwords present ; foliation in black ink, Hindu-Arabic numerals ; pagination in pencil, Western numerals, supplied during digitization (includes inserts).</subfield></datafield><datafield tag="500" ind1=" " ind2=" "><subfield code="a">Colophon: "Scribal," triangular, reads: "قد وقع الفراغ عن تحرير هذا الكتاب بعون الله الملك الوهاب في اليوم الجمعة النصف من رمضان الشريف سنة ثلاث وعشرين بعد المائتين والف من يد الفقير اضعف عباد الله السيد الشيخ محمد المدرس العريف بيكن مفتى زاده احسن الله اليه ... والحمد لله رب العالمين"</subfield></datafield><datafield tag="500" ind1=" " ind2=" "><subfield code="a">Explicit: "لسلوك طريق الهدى انه ولي العصمة ومنه الهداية الى سواء الطريق و قد اتفق صبيحة يوم الاثنين التاسع والعشرين من ذي القعدة سنة ثمان وخمسين وسبعمائة فراغ بيان البيان ... والحمد لله على نعمة العظام ومنحة الجسام والصلوة على نبيه محمد صاحب الاعلام ... ما دامت الليالي والايام"</subfield></datafield><datafield tag="500" ind1=" " ind2=" "><subfield code="a">Incipit: "الحمد لله الذي احكم بكتابه اصول الشريعة الغراء... وبعد فان علم الاصول الجامع بين المعقول والمنقول ... ثم جمعت هذا الشرح الموسوم بالتلويح الى كشف حقائق التنقيح مشتملا على تقرير قواعد الفن ... قوله حامدا حال من المستكن ..."</subfield></datafield><datafield tag="500" ind1=" " ind2=" "><subfield code="a">Title from opening on pp.22-23.</subfield></datafield><datafield tag="500" ind1=" " ind2=" "><subfield code="a">Ms. codex.</subfield></datafield><datafield tag="510" ind1="4" ind2=" "><subfield code="a">Ḥājjī Khalīfah. Kashf al-ẓunūn,</subfield><subfield code="c">ii, 444</subfield></datafield><datafield tag="510" ind1="4" ind2=" "><subfield code="a">Brockelmann, C. GAL,</subfield><subfield code="c">II, 214 ; 216, no. 15.</subfield></datafield><datafield tag="520" ind1="8" ind2=" "><subfield code="a">Fine copy of al-Taftāzānī’s commentary on al-Tawḍīḥ fī ḥall ghawāmiḍ al-Tanqīḥ, itself a commentary on Tanqīḥ al-uṣūl both by ʻUbayd Allāh ibn Masʻūd al-Maḥbūbī (d. 747/1346), on uṣūl al-fiqh.</subfield></datafield><datafield tag="538" ind1=" " ind2=" "><subfield code="a">Mode of access: Internet.</subfield></datafield><datafield tag="541" ind1=" " ind2=" "><subfield code="c">Purchase ;</subfield><subfield code="a">Acquired by purchase along with Abdul Hamid Collection (funds donated by Horace Rackham).</subfield><subfield code="d">1924.</subfield></datafield><datafield tag="546" ind1=" " ind2=" "><subfield code="a">Arabic.</subfield></datafield><datafield tag="561" ind1=" " ind2=" "><subfield code="a">Bookplate of British Museum, London on interior of upper cover, "British Museum, London. No. 25. Commentary on Tankih al-usul." ; circular seal impression with figure of goat/gazelle in purple ink as well as inscription "28a" in Western numerals on opening leaf of added table of contents (p.1) and on 'title page' (p.21) ; extensively glossed through p.324 ; occasional marginal corrections ; kabīkaj invocation "يا كبيكج" on 'title page' (p.21).</subfield></datafield><datafield tag="600" ind1="1" ind2="0"><subfield code="a">Maḥbūbī, ʻUbayd Allāh ibn Masʻūd,</subfield><subfield code="d">-1346 or 1347.</subfield><subfield code="t">Tanqīḥ al-uṣūl.</subfield></datafield><datafield tag="650" ind1=" " ind2="0"><subfield code="a">Manuscripts, Arabic</subfield><subfield code="z">Michigan</subfield><subfield code="z">Ann Arbor.</subfield></datafield><datafield tag="650" ind1=" " ind2="0"><subfield code="a">Islamic law</subfield><subfield code="x">Interpretation and construction</subfield><subfield code="v">Early works to 1800.</subfield></datafield><datafield tag="700" ind1="0" ind2=" "><subfield code="6">880-05</subfield><subfield code="a">Mehmet Yeğen Muftizade,</subfield><subfield code="d">fl.1808,</subfield><subfield code="e">scribe.</subfield></datafield><datafield tag="773" ind1="0" ind2=" "><subfield code="a">Tiflis Collection.</subfield></datafield><datafield tag="880" ind1="0" ind2=" "><subfield code="6">700-05/</subfield><subfield code="a">محمد يكن مفتى زاده،</subfield><subfield code="e">ناسخ.</subfield></datafield><datafield tag="880" ind1="1" ind2="2"><subfield code="6">245-03/</subfield><subfield code="a">التلويح إلى كشف حقائق التنقيح,</subfield><subfield code="f">[1223ه, 1808م].</subfield></datafield><datafield tag="880" ind1="1" ind2=" "><subfield code="6">100-01/</subfield><subfield code="a">تفتازاني، مسعود بن عمر.</subfield></datafield><datafield tag="CID" ind1=" " ind2=" "><subfield code="a">006080191</subfield></datafield><datafield tag="DAT" ind1="0" ind2=" "><subfield code="a">20190719102634.0</subfield><subfield code="b">20190719000000.0</subfield></datafield><datafield tag="DAT" ind1="1" ind2=" "><subfield code="a">20190719090653.0</subfield><subfield code="b">2019-07-19T16:11:14Z</subfield></datafield><datafield tag="DAT" ind1="2" ind2=" "><subfield code="a">2015-10-10T18:00:06Z</subfield></datafield><datafield tag="CAT" ind1=" " ind2=" "><subfield code="a">SDR-MIU</subfield><subfield code="d">EX LIBRIS - ALEPH</subfield><subfield code="l">prepare.pl-004-008</subfield></datafield><datafield tag="FMT" ind1=" " ind2=" "><subfield code="a">BK</subfield></datafield><datafield tag="HOL" ind1=" " ind2=" "><subfield code="0">sdr-miu006080191</subfield><subfield code="a">MiU</subfield><subfield code="b">SDR</subfield><subfield code="c">MIU</subfield><subfield code="p">mdp.39015079124940</subfield><subfield code="s">MIU</subfield><subfield code="1">006080191</subfield></datafield><datafield tag="974" ind1=" " ind2=" "><subfield code="b">MIU</subfield><subfield code="c">MIU</subfield><subfield code="d">20190719</subfield><subfield code="s">lit-dlps-dc</subfield><subfield code="u">mdp.39015079124940</subfield><subfield code="y">1808</subfield><subfield code="r">pd</subfield><subfield code="q">bib</subfield><subfield code="t">non-US bib date1 &lt; 1879</subfield></datafield></record></collection>